
@misc {OverleafBibliographyManagement,
   url = {https://www.overleaf.com/learn/latex/Bibliography_management_with_bibtex},
   year = {2025},
   title = {Bibliography Management with bibtex},
   author = {Overleaf},
   note = {accessed 2025-02-11},
}


@misc {WikipediaBibtex,
   url = {https://en.wikipedia.org/wiki/BibTeX},
   year = {2025},
   title = {BibTeX},
   author = {Wikipedia},
   note = {accessed 2025-02-11},
}

@article{einstein1905,
  author  = {Albert Einstein},
  title   = {Zur Elektrodynamik bewegter K{\"o}rper},
  journal = {Annalen der Physik},
  volume  = {322},
  number  = {10},
  pages   = {891--921},
  year    = {1905},
  doi     = {10.1002/andp.19053221004}
}

@inproceedings{morris1970,
  author    = {Robert Morris},
  title     = {Scatter Storage Techniques},
  booktitle = {Proceedings of the 1970 ACM SIGFIDET (now SIGMOD) Workshop on Data Description, Access and Control},
  series    = {SIGFIDET '70},
  year      = {1970},
  pages     = {6--13},
  doi       = {10.1145/1734663.1734671}
}

@phdthesis{knuth1968,
  author = {Donald E. Knuth},
  title  = {The Art of Computer Programming, Volume 1: Fundamental Algorithms},
  year   = {1968},
  school = {Stanford University}
}

@article{monroe2015,
  author  = {Roberto G. Monroe},
  title   = {The Algorithm That Makes Preschoolers Obsessed With YouTube},
  journal = {The Atlantic},
  year    = {2015},
  month   = {November},
  url     = {https://www.theatlantic.com/technology/archive/2015/11/the-algorithm-that-makes-preschoolers-obsessed-with-youtube/414163/}
}

@book{turing1950,
  author    = {Alan M. Turing},
  title     = {Computing Machinery and Intelligence},
  publisher = {Mind},
  year      = {1950},
  volume    = {LIX},
  number    = {236},
  pages     = {433--460},
  doi       = {10.1093/mind/LIX.236.433}
}

@incollection{shannon1948,
  author    = {Claude E. Shannon},
  title     = {A Mathematical Theory of Communication},
  booktitle = {The Bell System Technical Journal},
  publisher = {Bell Labs},
  year      = {1948},
  volume    = {27},
  number    = {3},
  pages     = {379--423},
  month     = {July},
  doi       = {10.1002/j.1538-7305.1948.tb01338.x}
}

@manual{python3,
  title       = {Python 3 Documentation},
  author      = {Python Software Foundation},
  year        = {2021},
  url         = {https://docs.python.org/3/},
  note        = {Accessed: 2021-09-01}
}
@misc{veritasium2012,
  author       = {Veritasium},
  title        = {Misconceptions About Temperature},
  howpublished = {YouTube},
  year         = {2012},
  month        = {March},
  url          = {https://www.youtube.com/watch?v=vqDbMEdLiCs}
}
